<record><leader>00000cas a22000007a 4500</leader><controlfield tag="001">13918298</controlfield><controlfield tag="008">860723d19311933txucr ne      0    0eng d</controlfield><datafield ind1=" " ind2=" " tag="010"><subfield code="a">sn 86088289 </subfield></datafield><datafield ind1=" " ind2=" " tag="040"><subfield code="a">PPM</subfield><subfield code="b">eng</subfield><subfield code="c">PPM</subfield><subfield code="d">OCLCQ</subfield></datafield><datafield ind1=" " ind2=" " tag="042"><subfield code="a">msc</subfield></datafield><datafield ind1="0" ind2="0" tag="245"><subfield code="a">Ballinger semi-weekly ledger.</subfield></datafield><datafield ind1=" " ind2=" " tag="260"><subfield code="a">Ballinger, Tex. :</subfield><subfield code="b">Ballinger Pub. Co.</subfield></datafield><datafield ind1=" " ind2=" " tag="300"><subfield code="a">v. :</subfield><subfield code="b">ill.</subfield></datafield><datafield ind1=" " ind2=" " tag="310"><subfield code="a">Semiweekly</subfield></datafield><datafield ind1="0" ind2=" " tag="362"><subfield code="a">Vol. 51, no. 4 (Oct. 6, 1931)-v. 53,no. 3 (Sept. 29, 1933).</subfield></datafield><datafield ind1=" " ind2=" " tag="752"><subfield code="a">United States</subfield><subfield code="b">Texas</subfield><subfield code="c">Runnels</subfield><subfield code="d">Ballinger.</subfield></datafield><datafield ind1="0" ind2="4" tag="780"><subfield code="t">Daily ledger (Ballinger, Tex.)</subfield><subfield code="w">(DLC)sn8608082903</subfield></datafield><datafield ind1="0" ind2="4" tag="780"><subfield code="t">Banner-ledger</subfield><subfield code="w">(DLC)sn 86088293</subfield></datafield><datafield ind1="0" ind2="0" tag="785"><subfield code="t">Ballinger ledger</subfield><subfield code="w">(DLC)sn 86088288</subfield></datafield></record>